

@inproceedings{goodfellow2014generative,
  title={Generative adversarial nets},
  author={Goodfellow, Ian and Pouget-Abadie, Jean and Mirza, Mehdi and Xu, Bing and Warde-Farley, David and Ozair, Sherjil and Courville, Aaron and Bengio, Yoshua},
  booktitle={Advances in neural information processing systems},
  pages={2672--2680},
  year={2014}
}



@article{horev2018style,
  title={Style-based GANs--Generating and tuning realistic artificial faces},
  author={Horev, Rani},
  journal={LyrnAI: Deep Learning Explained. Available at: www. lyrn. ai/2018/12/26/a-style-based-generator-architecture-for-generative-adversarial-networks (accessed 10 May 2019)},
  year={2018}
}


@inproceedings{karras2019style,
  title={A style-based generator architecture for generative adversarial networks},
  author={Karras, Tero and Laine, Samuli and Aila, Timo},
  booktitle={Proceedings of the IEEE conference on computer vision and pattern recognition},
  pages={4401--4410},
  year={2019}
}


